@book{gross2013handbook,
  title={Handbook of Graph Theory, Second Edition},
  author={Gross, J.L. and Yellen, J. and Zhang, P.},
  isbn={9781439880180},
  lccn={2013038209},
  series={Discrete Mathematics and Its Applications},
  year={2013},
  publisher={Taylor \& Francis}
}

@article{purdom1970transitive,
  title={A transitive closure algorithm},
  author={Purdom, Paul},
  journal={BIT Numerical Mathematics},
  volume={10},
  number={1},
  pages={76--94},
  year={1970},
  publisher={Springer}
}

@book{dar1993augmenting,
  title={Augmenting Databases with Generalized Transitive Closure},
  author={Dar, S.},
  series={Computer sciences technical report},
  year={1993},
  publisher={University of Wisconsin--Madison}
}

@inproceedings{jakobsson1991mixed,
  title={Mixed-approach algorithms for transitive closure},
  author={Jakobsson, H{\aa}kan},
  booktitle={Proceedings of the tenth ACM SIGACT-SIGMOD-SIGART symposium on Principles of database systems},
  pages={199--205},
  year={1991},
  url={https://dl.acm.org/doi/pdf/10.1145/113413.113431}
}
