@book{thomas2019pragmatic,
  title={The Pragmatic Programmer: Your Journey to Mastery},
  author={Thomas, D. and Hunt, A.},
  isbn={9780135957059},
  year={2019},
  publisher={Addison Wesley}
}

@book{bonnefoy2024definitive,
  title={The Definitive Guide to Data Integration: Unlock the power of data integration to efficiently manage, transform, and analyze data},
  author={Bonnefoy, P.Y. and Chaize, E. and Mansuy, R. and Tazi, M. and Heckel, S.},
  isbn={9781837634774},
  year={2024},
  publisher={Packt Publishing}
}

@article{garcia2016big,
  title={Big data preprocessing: methods and prospects},
  author={Garc{\'\i}a, Salvador and Ram{\'\i}rez-Gallego, Sergio and Luengo, Juli{\'a}n and Ben{\'\i}tez, Jos{\'e} Manuel and Herrera, Francisco},
  journal={Big data analytics},
  volume={1},
  pages={1--22},
  year={2016},
  publisher={Springer},
  doi={10.1186/s41044-016-0014-0}
}

@Manual{bfarmdl,
  title={BfArM - Downloads},
  author={{BfArM}},
  institution={{Bundesinstitut für Arzneimittel und Medizinprodukte}},
  url={https://www.bfarm.de/DE/Kodiersysteme/Services/Downloads/\_node.html},
  urldate={2024-09-09}
}

@Manual{bfarmicdkk,
  title={BfArM - Systematisches Verzeichnis - Kategorie und Kode},
  subtitle={Kategorie und Kode in der ICD-10-GM},
  author={{BfArM}},
  institution={{Bundesinstitut für Arzneimittel und Medizinprodukte}},
  url={https://www.bfarm.de/DE/Kodiersysteme/Klassifikationen/ICD/ICD-10-GM/Systematik/kodestruktur.html},
  urldate={2024-09-09}
}

@Manual{bfarmopskk,
  title={BfArM - Systematisches Verzeichnis - Kategorie und Kode},
  subtitle={Kategorie und Kode im OPS},
  author={{BfArM}},
  institution={{Bundesinstitut für Arzneimittel und Medizinprodukte}},
  url={https://www.bfarm.de/DE/Kodiersysteme/Klassifikationen/OPS-ICHI/OPS/Systematik/kategorie-und-kode.html},
  urldate={2024-09-09}
}

@Manual{charencoding,
  author = {Fern{\'a}ndez, Iglesias and Manuel, Jos{\'e}},
  year = {2022},
  title = {UTF-8 \& Latex Encodings of ISO-8859 (Latin-1) Character Set},
  doi = {10.13140/RG.2.2.18402.61121},
  url={https://www.researchgate.net/publication/359509972_UTF-8_Latex_Encodings_of_ISO-8859_Latin-1_Character_Set/link/6241ab3b5e2f8c7a03452ac9/download},
  urldate={2024-09-09}
}

@article{nassishneid,
  author = {Nassi, Ike and Shneiderman, B.},
  year = {1973},
  month = {08},
  pages = {12-26},
  title = {Flowchart techniques for structured programming},
  volume = {8},
  journal = {ACM SIGPLAN Notices},
  doi = {10.1145/953349.953350}
}

