@article{intradbvalid,
author = {Thurin, Nicolas and Bosco, P. and Blin, Patrick and Rouyer, M. and Jové, Jérémy and Lamarque, Stéphanie and Lignot, Séverine and Lassalle, Régis and Abouelfath, Abdelilah and Bignon, Emmanuelle and Diez, Pauline and Gross-Goupil, Marine and Soulié, Michel and Roumiguié, Mathieu and Moulec, Sylvestre and Debouverie, Marc and Brochet, Bruno and Guillemin, Francis and Louapre, Céline and Droz-Perroteau, Cécile},
year = {2021},
title = {Intra-Database Validation of Case-Identifying Algorithms using Reconstituted Electronic Health Records from Healthcare Claims Data},
volume = {21},
journal = {BMC Medical Research Methodology},
doi = {10.1186/s12874-021-01285-y}
}

@Manual{bfarmatc,
  title={BfArM -- ATC},
  subtitle={ATC-Klassifikation},
  author={{BfArM}},
  institution={{Bundesinstitut für Arzneimittel und Medizinprodukte}},
  url={https://www.bfarm.de/DE/Kodiersysteme/Klassifikationen/ATC/_node.html},
  urldate={2024-10-23}
}

@Manual{poppler,
  title={Poppler is a PDF rendering library based on the xpdf-3.0 code base.},
  author={{Poppler}},
  url={https://poppler.freedesktop.org/},
  urldate={2024-08-12}
}
