@inproceedings{saripalle2019representing,
  title={Representing UMLS knowledge using FHIR terminological resources},
  author={Saripalle, Rishi},
  booktitle={2019 IEEE International Conference on Bioinformatics and Biomedicine (BIBM)},
  pages={1109--1112},
  year={2019},
  organization={IEEE},
  doi={10.1109/BIBM47256.2019.8983305}
}

@book{braunstein2022health,
  title={Health Informatics on FHIR: How HL7's API is Transforming Healthcare},
  author={Braunstein, M.L.},
  isbn={9783030915636},
  series={Health Informatics},
  year={2022},
  publisher={Springer International Publishing}
}

@inproceedings{icd10-to-snomed,
    author = {Philipp, Patrick and Veloso de Oliveira, Julia and Appenzeller, Arno and Hartz, Tobias and Beyerer, Jürgen},
    year = {2022},
    month = {12},
    pages = {1604-1609},
    title = {Evaluation of an Automated Mapping from ICD-10 to SNOMED CT},
    booktitle = {2022 International Conference on Computational Science and Computational Intelligence},
    doi = {10.1109/CSCI58124.2022.00287}
}

@Manual{WHO-FIC,
  title = {Classifications and Terminology Mapping -- Principles and Best Practice},
  author = {{WHO-FIC}},
  organization = {World Health Organization, Group: Family of International Classifications},
  year = {2021},
  url = {https://www.who.int/publications/m/item/who-fic-classifications-andterminology-mapping},
  urldate = {2024-10-21}
}

@Manual{ISO12300,
  title = {ISO/TR 12300:2014 -- Principles of Mapping between Terminological Systems},
  author = {{ISO}},
  organization = {International Organization for Standardization, Technical Committee: Health Informatics},
  year = {2014},
  url = {https://www.iso.org/standard/51344.html},
  urldate={2024-11-07}
}

@Manual{ISO21564,
  title = {ISO/TS 21564:2019 -- Terminology Resource Map Quality Measures (MapQual)},
  author = {{ISO}},
  organization = {International Organization for Standardization, Technical Committee: Health Informatics},
  year = {2019},
  url = {https://www.iso.org/standard/71088.html},
  urldate={2024-11-07}
}

@phdthesis{rest-fielding,
  author = {Fielding, Roy Thomas},
  title = {Architectural Styles and the Design of Network-based Software Architectures},
  school = {University of California, Irvine},
  year = {2000},
  type = {Doctoral Dissertation},
  url = {https://ics.uci.edu/~fielding/pubs/dissertation/top.htm},
  urldate={2024-11-07}
}

@inbook{fhir-heckmann,
author = {Heckmann, Simone},
year = {2022},
pages = {307--331},
title = {Digitalstrategie im Krankenhaus: Einf{\"u}hrung und Umsetzung von Datenkompetenz und Compliance},
chapter = {HL7\textregistered\  FHIR\textregistered\  als Grundlage für moderne Digitalstrategien},
isbn = {9783658362263},
doi = {10.1007/978-3-658-36226-3_21},
publisher={Springer Fachmedien Wiesbaden}
}

@Manual{medinf-init,
  title={Forschungsdatenportal für Gesundheit},
  author={{Medizin\-informatik-Initiative}},
  url={https://forschen-fuer-gesundheit.de},
  urldate={2024-11-07}
}

@article{hund,
author = {Hund, Hauke and Gerth, Sven and Katus, Hugo and Fegeler, Christian},
year = {2016},
pages = {394--398},
title = {Medical Classification and Terminology Systems in a Secondary Use Context: Challenges and Perils},
volume = {228},
journal = {Studies in Health Technology and Informatics}
}

@Manual{medicats,
  title={medicats},
  subtitle={Medical classification and terminology systems library for Java 1.8},
  author={Hund, Hauke},
  year={2018},
  url={https://github.com/hhund/medicats},
  urldate={2024-11-07}
}

@book{gaus2005dokumentation,
  title={Dokumentations- und Ordnungslehre},
  author={Gaus, W.},
  isbn={9783540275183},
  year={2005},
  publisher={Springer}
}

@Manual{bfarmdimdi,
  title={BfArM -- Geschichte -- Geschichte des ehemaligen DIMDI},
  subtitle={Geschichte des ehemaligen DIMDI},
  author={{BfArM}},
  institution={{Bundesinstitut für Arzneimittel und Medizinprodukte}},
  url={https://www.bfarm.de/DE/Das-BfArM/Organisation/Geschichte/geschichte-dimdi.html},
  urldate={2024-11-07}
}

@Manual{conceptmap-r4,
  title={ConceptMap of FHIR Specification R4},
  subtitle={Resource ConceptMap},
  author={{HL7}},
  year={2019},
  institution={Health Level 7\registered},
  url={http://hl7.org/fhir/R4/conceptmap.html},
  urldate={2024-11-07}
}

@Manual{conceptmap-r5,
  title={ConceptMap of FHIR Specification R5},
  subtitle={Resource ConceptMap},
  author={{HL7}},
  year={2023},
  institution={Health Level 7\registered},
  url={http://hl7.org/fhir/R5/conceptmap.html},
  urldate={2024-11-07}
}

@Manual{fhir-unmapped,
  title={Terminology: ConceptMap ``dependsOn'', ``product'', and ``unmapped'' Relationships},
  author={Lawley, Michael},
  year={2023},
  url={https://chat.fhir.org/#narrow/stream/179202-terminology/topic/conceptmap.20dependson.20product.20and.20unmapped.20relationships/near/326784399},
  urldate={2024-11-07}
}

@article{manchikanti2015tragedy,
  title={The Tragedy of the Implementation of ICD-10-CM as ICD-10},
  subtitle={Is the cart before the horse or is there a tragic paradox of misinformation and ignorance?},
  author={Manchikanti, Laxmaiah and Kaye, Alan D and Singh, Vijay and Boswell, Mark V},
  journal={Pain Physician},
  volume={18},
  number={4},
  pages={E485--E495},
  year={2015},
  publisher={American Society of Interventional Pain Physician}
}

﻿@Article{info:doi/10.2196/14325,
author={Wu, Patrick
and Gifford, Aliya
and Meng, Xiangrui
and Li, Xue
and Campbell, Harry
and Varley, Tim
and Zhao, Juan
and Carroll, Robert
and Bastarache, Lisa
and Denny, Joshua C
and Theodoratou, Evropi
and Wei, Wei-Qi},
title={Mapping ICD-10 and ICD-10-CM Codes to Phecodes: Workflow Development and Initial Evaluation},
journal={JMIR Med Inform},
year={2019},
volume={7},
number={4},
pages={e14325},
doi={10.2196/14325},
url={http://medinform.jmir.org/2019/4/e14325/},
urldate={2024-11-07}
}

@article{10.1093/jamiaopen/ooae045,
    author = {Essaid, Shahim and Andre, Jeff and Brooks, Ian M and Hohman, Katherine H and Hull, Madelyne and Jackson, Sandra L and Kahn, Michael G and Kraus, Emily M and Mandadi, Neha and Martinez, Amanda K and Mui, Joyce Y and Zambarano, Bob and Soares, Andrey},
    title = {MENDS-on-FHIR: Leveraging the OMOP Common Data Model and FHIR Standards for National Chronic Disease Surveillance},
    journal = {JAMIA Open},
    volume = {7},
    number = {2},
    pages = {ooae045},
    year = {2024},
    doi = {10.1093/jamiaopen/ooae045},
    url = {https://academic.oup.com/jamiaopen/article-pdf/7/2/ooae045/58000493/ooae045.pdf},
    urldate={2024-11-07}
}

@inbook{fhir-snomed,
author = {Ohlsen, Tessa and Kruse, Valerie and Krupar, Rosemarie and Banach, Alexandra and Ingenerf, Josef and Drenkhahn, Cora},
year = {2022},
title = {Mapping of ICD-O Tuples to OncoTree Codes Using SNOMED CT Post-Coordination},
volume = {294},
isbn = {9781643682846},
journal = {Studies in health technology and informatics},
doi = {10.3233/SHTI220464},
url = {https://pubmed.ncbi.nlm.nih.gov/35612082/},
urldate={2024-11-07}
}

@Manual{i-magic,
  title={SNOMED CT to ICD-10-CM Map},
  subtitle={I-MAGIC -- Interactive Map-Assisted Generation of ICD Codes},
  author={{NIH}},
  institution={National Library of Medicine},
  url={https://www.nlm.nih.gov/research/umls/mapping_projects/snomedct_to_icd10cm.html},
  urldate={2024-11-07}
}

@Manual{snomed-browser,
  title={SNOMED CT Browser},
  author={{SNOMED}},
  institution={SNOMED International},
  url={https://browser.ihtsdotools.org/},
  urldate={2024-11-07}
}

@Manual{snomed-map,
  title={SNOMED Internaional Mapping Tool},
  author={{SNOMED}},
  institution={SNOMED International},
  url={https://prod-mapping.ihtsdotools.org/},
  urldate={2024-11-07}
}

@article{jaro-winkler,
author = {Winkler, William},
year = {1990},
title = {String Comparator Metrics and Enhanced Decision Rules in the Fellegi-Sunter Model of Record Linkage},
journal = {Proceedings of the Section on Survey Research Methods},
url = {https://eric.ed.gov/?id=ED325505},
urldate={2024-11-07}
}

@article{smith-waterman-gotoh,
  title={An Improved Algorithm for Matching Biological Sequences},
  author={Gotoh, Osamu},
  journal={Journal of Molecular Biology},
  volume={162},
  number={3},
  pages={705--708},
  year={1982},
  publisher={Elsevier},
  url={https://pubmed.ncbi.nlm.nih.gov/7166760/},
  urldate={2024-11-07}
}

@article{manual-map,
author = {Vikström, Anna and Skånér, Ylva and Strender, Lars-Erik and Nilsson, Gunnar},
year = {2007},
pages = {9},
title = {Mapping the Categories of the Swedish Primary Health Care Version of ICD-10 to SNOMED CT Concepts: Rule Development and Intercoder Reliability in a Mapping Trial},
volume = {7},
journal = {BMC Medical Informatics and Decision Making},
doi = {10.1186/1472-6947-7-9},
url = {https://link.springer.com/article/10.1186/1472-6947-7-9},
urldate={2024-11-07}
}

@Manual{gmds,
  title={Translation of ICD-10-GM codes to SNOMED CT},
  author={Heidel, Andrew and Hoffmann, Martin and Ammon, Danny},
  year={2024},
  institution={GMDS Jahrestagung 2024},
  url={https://www.egms.de/static/en/meetings/gmds2024/24gmds168.shtml},
  urldate={2024-11-07}
}

@inproceedings{schulz2019aligning,
  title={Aligning an Administrative Procedure Coding System with SNOMED CT},
  author={Schulz, Stefan and Steffel, Johannes and Polster, Peter and Palchuk, Matvey B and Daumke, Philipp},
  booktitle={JOWO},
  year={2019},
  url={https://open.trinetx.com/wp-content/uploads/sites/2/2020/06/OPS-SNOMED-FINAL1.pdf},
  urldate={2024-11-07}
}
