@Manual{janssenscan,
  title={Can Some Programming Languages Be Considered Harmful?},
  author={Janssens, Sabine and Schultz, Ulrik Pagh and Zaytsev, Vadim},
  year={2017},
  url={https://grammarware.net/text/2017/harmful.pdf},
  urldate={2024-10-10}
}

@article{braaksma2014streaming,
  title={Streaming Design Patterns or: How I Learned to Stop Worrying and Love the Stream},
  author={Braaksma, Abel},
  journal={XML LONDON 2014},
  year={2014},
  pages={24--52},
  url={http://xmllondon.com/2014/xmllondon-2014-proceedings.pdf},
  urldate={2024-09-22},
}

@book{potencier2022symfony,
  title={Symfony 6: The Fast Track},
  author={Potencier, F.},
  institution={SensioLabs},
  url={https://symfony.com/doc/6.4/the-fast-track/en/index.html},
  urldate={2024-09-22},
  year={2022},
  publisher={Symfony SAS}
}

@book{voorhees2020guide,
  title={Guide to Efficient Software Design: An MVC Approach to Concepts, Structures, and Models},
  author={Voorhees, D.P.},
  isbn={9783030285012},
  series={Texts in Computer Science},
  year={2020},
  publisher={Springer International Publishing}
}

@book{seemann2019dependency,
  title={Dependency Injection Principles, Practices, and Patterns},
  author={Seemann, M. and van Deursen, S.},
  isbn={9781638357100},
  year={2019},
  publisher={Manning}
}

@Manual{flexbox-csstricks,
  title={CSS Flexbox Layout Guide},
  author={Chris Coyier},
  url={https://css-tricks.com/snippets/css/a-guide-to-flexbox/},
  urldate={2024-09-09}
}

@Manual{w3techs,
  title={Usage Statistics of PHP for Websites},
  author={{W3Techs}},
  institution={{Q-Success Web-based Services}},
  url={https://w3techs.com/technologies/details/pl-php},
  urldate={2024-10-25}
}

@Manual{garrett2005ajax,
  title={Ajax: A New Approach to Web Applications},
  author={Garrett, Jesse James},
  year={2005},
  url={https://web.archive.org/web/20080702075113/http://www.adaptivepath.com/ideas/essays/archives/000385.php},
  urldate={2024-10-14}
}

@Manual{symfony-serializer,
  title={Symfony 6.4},
  subtitle={The Serializer Component},
  author={{Symfony}},
  url={https://symfony.com/doc/6.4/components/serializer.html},
  urldate={2024-08-12}
}

@Manual{symfony-command,
  title={Symfony 6.4},
  subtitle={Console Commands},
  author={{Symfony}},
  url={https://symfony.com/doc/6.4/console.html},
  urldate={2024-08-12}
}

@Manual{symfony-http,
  title={Symfony 6.4},
  subtitle={The HttpFoundation Component},
  author={{Symfony}},
  url={https://symfony.com/doc/6.4/components/http_foundation.html},
  urldate={2024-08-12}
}

@Manual{symfony-client,
  title={Symfony 6.4},
  subtitle={HTTP Client},
  author={{Symfony}},
  url={https://symfony.com/doc/6.4/http_client.html},
  urldate={2024-08-12}
}

@Manual{symfony-file,
  title={Symfony 6.4},
  subtitle={The Filesystem Component},
  author={{Symfony}},
  url={https://symfony.com/doc/6.4/components/filesystem.html},
  urldate={2024-08-12}
}

@Manual{symfony-uuid,
  title={Symfony 6.4},
  subtitle={The UID Component},
  author={{Symfony}},
  url={https://symfony.com/doc/6.4/components/uid.html},
  urldate={2024-08-12}
}

@Manual{symfony-controller,
  title={Symfony 6.4},
  subtitle={Controller},
  author={{Symfony}},
  url={https://symfony.com/doc/6.4/controller.html},
  urldate={2024-08-12}
}

@Manual{symfony-db,
  title={Symfony 6.4},
  subtitle={Databases and the Doctrine ORM},
  author={{Symfony}},
  url={https://symfony.com/doc/6.4/doctrine.html},
  urldate={2024-08-12}
}

@Manual{symfony-templates,
  title={Symfony 6.4},
  subtitle={Creating and Using Templates},
  author={{Symfony}},
  url={https://symfony.com/doc/6.4/templates.html},
  urldate={2024-08-12}
}

@Manual{twig,
  title={Twig 3.x},
  subtitle={The flexible, fast, and secure template engine for PHP},
  author={{Twig}},
  institution={{Symfony}},
  url={https://twig.symfony.com/doc/3.x/},
  urldate={2024-08-12}
}

@Manual{composer,
  title={Composer},
  subtitle={A Dependency Manager for PHP},
  author={Adermann, Nils and Boggiano, Jordi and others},
  url={https://getcomposer.org/doc/},
  urldate={2024-08-12}
}

@Manual{popperjs,
  title={Tooltip \& Popover Positioning Engine},
  author={{Popper JS}},
  url={https://popper.js.org/docs/v2/},
  urldate={2024-08-12}
}

@Manual{webpack,
  title={Webpack},
  author={Koppers, T. and others},
  url={https://webpack.js.org/concepts/},
  urldate={2024-08-12}
}

@Manual{nodejs,
  title={Node.js},
  author={Dahl, Ryan},
  url={https://nodejs.org/docs/latest/api/},
  urldate={2024-08-12}
}

@Manual{npm,
  title={npm},
  author={Schlueter, Isaac Z.},
  url={https://docs.npmjs.com/},
  urldate={2024-08-12}
}

@Manual{sass,
  title={SASS},
  author={Catlin, H. and Weizenbaum, N. and Eppstein, C.},
  url={https://sass-lang.com/documentation/},
  urldate={2024-08-12}
}

@Manual{html,
  title={HTML},
  author={{WHATWG}},
  url={https://html.spec.whatwg.org/},
  urldate={2024-08-12}
}

@Manual{css,
  title={CSS},
  author={{W3C}},
  url={https://www.w3.org/TR/CSS/},
  urldate={2024-08-12}
}

@Manual{javascript,
  title={ECMAScript},
  subtitle={JavaScript},
  author={{Ecma International}},
  url={https://ecma-international.org/publications-and-standards/standards/ecma-262/},
  urldate={2024-08-12}
}

